@software{jax2018,
  author  = {James Bradbury and Roy Frostig and Peter Hawkins and Matthew James Johnson and Chris Leary and Dougal Maclaurin and George Necula and Adam Paszke and Jake Vander{P}las and Skye Wanderman-{M}ilne and Qiao Zhang},
  title   = {{JAX}: composable transformations of {P}ython+{N}um{P}y programs},
  url     = {http://github.com/google/jax},
  version = {0.2.5},
  year    = {2018}
}
@article{Steiniger2019,
  author  = {{Steininger}, Theo and {Dixit}, Jait and {Frank}, Philipp and {Greiner}, Maksim and {Hutschenreuter}, Sebastian and {Knollm{\"u}ller}, Jakob and {Leike}, Reimar and {Porqueres}, Natalia and {Pumpe}, Daniel and {Reinecke}, Martin and {{\v{S}}raml}, Matev{\v{z}} and {Varady}, Csongor and {En{\ss}lin}, Torsten},
  title   = {{NIFTy 3 - Numerical Information Field Theory: A Python Framework for Multicomponent Signal Inference on HPC Clusters}},
  journal = {Annalen der Physik},
  year    = 2019,
  month   = mar,
  volume  = {531},
  number  = {3},
  pages   = {1800290},
  doi     = {10.1002/andp.201800290},
  adsurl  = {https://ui.adsabs.harvard.edu/abs/2019AnP...53100290S},
  adsnote = {Provided by the SAO/NASA Astrophysics Data System}
}
@article{Selig2013,
  author        = {{Selig}, M. and {Bell}, M.~R. and {Junklewitz}, H. and {Oppermann}, N. and {Reinecke}, M. and {Greiner}, M. and {Pachajoa}, C. and {En{\ss}lin}, T.~A.},
  title         = {{NIFTY - Numerical Information Field Theory. A versatile PYTHON library for signal inference}},
  journal       = {\aap},
  keywords      = {methods: data analysis, methods: numerical, methods: statistical, techniques: image processing, Astrophysics - Instrumentation and Methods for Astrophysics, Computer Science - Information Theory, Computer Science - Mathematical Software, Mathematical Physics, Physics - Data Analysis, Statistics and Probability, Statistics - Computation},
  year          = 2013,
  month         = jun,
  volume        = {554},
  eid           = {A26},
  pages         = {A26},
  doi           = {10.1051/0004-6361/201321236},
  archiveprefix = {arXiv},
  eprint        = {1301.4499},
  primaryclass  = {astro-ph.IM},
  adsurl        = {https://ui.adsabs.harvard.edu/abs/2013A&A...554A..26S},
  adsnote       = {Provided by the SAO/NASA Astrophysics Data System}
}

